<collection xmlns="http://www.loc.gov/MARC21/slim">
<record>
  <leader>01602nam0a22003131i 450 </leader>
  <controlfield tag="001">IT\ICCU\CNCE\038691</controlfield>
  <controlfield tag="005">19981103000000.0</controlfield>
  <datafield tag="012" ind1=" " ind2=" ">
    <subfield code="a">o-l- a-i. a-t, tedi (3) 1595 (R)</subfield>
    <subfield code="2">fei</subfield>
  </datafield>
  <datafield tag="100" ind1=" " ind2=" ">
    <subfield code="a">19981102d1595        0itac0103    ba</subfield>
  </datafield>
  <datafield tag="101" ind1=" " ind2=" ">
    <subfield code="a">LAT</subfield>
  </datafield>
  <datafield tag="102" ind1=" " ind2=" ">
    <subfield code="a">IT</subfield>
  </datafield>
  <datafield tag="200" ind1="1" ind2=" ">
    <subfield code="a">℗Ioannis Casae ℗Galathaeus, siue De moribus liber Italicus. A Nicolao Fierberto Anglo Latine expressus</subfield>
  </datafield>
  <datafield tag="210" ind1=" " ind2=" ">
    <subfield code="a">Romae</subfield>
    <subfield code="c">apud Dominicum Giliottum</subfield>
    <subfield code="d">1595</subfield>
  </datafield>
  <datafield tag="215" ind1=" " ind2=" ">
    <subfield code="a">\8!, 128 p.</subfield>
    <subfield code="d"></subfield>
  </datafield>
  <datafield tag="300" ind1=" " ind2=" ">
    <subfield code="a"></subfield>
  </datafield>
  <datafield tag="620" ind1=" " ind2=" ">
    <subfield code="a">IT</subfield>
    <subfield code="d">Roma</subfield>
  </datafield>
  <datafield tag="700" ind1=" " ind2="1">
    <subfield code="a">Della_Casa,</subfield>
    <subfield code="b">Giovanni</subfield>
    <subfield code="3">IT\ICCU\CNCA\001081</subfield>
  </datafield>
  <datafield tag="702" ind1=" " ind2="1">
    <subfield code="a">Fitzherbert,</subfield>
    <subfield code="b">Nicholas</subfield>
    <subfield code="3">IT\ICCU\CNCA\004400</subfield>
  </datafield>
  <datafield tag="712" ind1="0" ind2="0">
    <subfield code="a">Gigliotti, Domenico</subfield>
    <subfield code="3">IT\ICCU\CNCT\000098</subfield>
    <subfield code="4">650</subfield>
  </datafield>
  <datafield tag="790" ind1=" " ind2="1">
    <subfield code="a">Casa,</subfield>
    <subfield code="b">Giovanni : della</subfield>
    <subfield code="3">IT\ICCU\CNCA\007909</subfield>
    <subfield code="z">Della_Casa, Giovanni</subfield>
  </datafield>
  <datafield tag="790" ind1=" " ind2="1">
    <subfield code="a">Fierbertus,</subfield>
    <subfield code="b">Nicolaus</subfield>
    <subfield code="3">IT\ICCU\CNCA\013395</subfield>
    <subfield code="z">Fitzherbert, Nicholas</subfield>
  </datafield>
  <datafield tag="791" ind1="0" ind2="0">
    <subfield code="a">Liliottus, Dominicus</subfield>
    <subfield code="3">IT\ICCU\CNCT\003187</subfield>
    <subfield code="z">Gigliotti, Domenico</subfield>
  </datafield>
  <datafield tag="791" ind1="0" ind2="0">
    <subfield code="a">Giliottus, Dominicus</subfield>
    <subfield code="3">IT\ICCU\CNCT\004875</subfield>
    <subfield code="z">Gigliotti, Domenico</subfield>
  </datafield>
  <datafield tag="791" ind1="0" ind2="0">
    <subfield code="a">Giliotti, Domenico</subfield>
    <subfield code="3">IT\ICCU\CNCT\004877</subfield>
    <subfield code="z">Gigliotti, Domenico</subfield>
  </datafield>
  <datafield tag="791" ind1="0" ind2="0">
    <subfield code="a">Osmarino, Domenico</subfield>
    <subfield code="3">IT\ICCU\CNCT\006394</subfield>
    <subfield code="z">Gigliotti, Domenico</subfield>
  </datafield>
  <datafield tag="801" ind1=" " ind2="3">
    <subfield code="a">IT</subfield>
    <subfield code="b">ICCU</subfield>
    <subfield code="c">20201114</subfield>
  </datafield>
  <datafield tag="899" ind1=" " ind2=" ">
    <subfield code="a">Biblioteca nazionale centrale. Roma</subfield>
    <subfield code="1">RM0267</subfield>
    <subfield code="2">BVE CR</subfield>
  </datafield>
  <datafield tag="911" ind1=" " ind2=" ">
    <subfield code="a">Sul front.</subfield>
    <subfield code="9">IT\ICCU\CNCM\000007</subfield>
  </datafield>
  <datafield tag="921" ind1=" " ind2=" ">
    <subfield code="a">IT\ICCU\CNCM\000007</subfield>
    <subfield code="b">Pegaso traina sul suo carro Bellerofonte che tiene una fiaccola</subfield>
    <subfield code="e">Invia virtuti nulla est via.</subfield>
    <subfield code="c">V213</subfield>
    <subfield code="c">Z945</subfield>
    <subfield code="f">BELLEROFON</subfield>
    <subfield code="f">BIGA</subfield>
    <subfield code="f">INVIAVIRTU</subfield>
    <subfield code="f">PEGASO</subfield>
    <subfield code="g">1555-1595</subfield>
  </datafield>
</record>
</collection>
